<?xml version="1.0" encoding="UTF-8"?><collection xmlns="http://www.loc.gov/MARC21/slim"><record><leader>00382nam--2200133-i-4500</leader><controlfield tag="001">000024297</controlfield><controlfield tag="002">20161230</controlfield><controlfield tag="005">20161230201035</controlfield><controlfield tag="008">060222s1000------------r-----000-0-eng-d</controlfield><datafield ind1=" " ind2=" " tag="245"><subfield code="a">Metallurgy of elemental and compound semiconductors</subfield></datafield><datafield ind1=" " ind2=" " tag="260"><subfield code="a">New York, Interscience Publishers, 1961. Xi+494p</subfield></datafield><datafield ind1=" " ind2=" " tag="490"><subfield code="a">Metallurgical Society Conferences</subfield></datafield><datafield ind1=" " ind2=" " tag="700"><subfield code="a">Grubel, R.O</subfield></datafield><datafield ind1=" " ind2=" " tag="852"><subfield code="a">17149</subfield></datafield></record></collection>